<record><leader>00000cas a22000007a 4500</leader><controlfield tag="001">10476211</controlfield><controlfield tag="008">840301d19001901vi wr ne      0   a0eng d</controlfield><controlfield tag="009">3770</controlfield><datafield ind1=" " ind2=" " tag="010"><subfield code="a">sn 84037509 </subfield></datafield><datafield ind1=" " ind2=" " tag="040"><subfield code="a">NVI</subfield><subfield code="b">eng</subfield><subfield code="c">NPV</subfield><subfield code="d">DLC</subfield></datafield><datafield ind1="1" ind2=" " tag="029"><subfield code="a">AU@</subfield><subfield code="b">000025812933</subfield></datafield><datafield ind1=" " ind2=" " tag="042"><subfield code="a">msc</subfield></datafield><datafield ind1="0" ind2="4" tag="245"><subfield code="a">The Danish West-Indian.</subfield></datafield><datafield ind1="0" ind2="0" tag="246"><subfield code="a">Danish West Indian</subfield></datafield><datafield ind1=" " ind2=" " tag="260"><subfield code="a">St. Croix [D.W.I.] :</subfield><subfield code="b">H. Lawaetz,</subfield><subfield code="c">1900-1901</subfield><subfield code="e">(St. Thomas :</subfield><subfield code="f">L. Nolte).</subfield></datafield><datafield ind1=" " ind2=" " tag="300"><subfield code="a">v. ; 51 cm.</subfield></datafield><datafield ind1=" " ind2=" " tag="310"><subfield code="a">Weekly</subfield></datafield><datafield ind1="0" ind2=" " tag="362"><subfield code="a">[No. 1] (July 7, 1900)-no. 42 (Apr. 24, 1901).</subfield></datafield><datafield ind1=" " ind2=" " tag="500"><subfield code="a">Editor: H. Lawaetz.</subfield></datafield><datafield ind1=" " ind2=" " tag="752"><subfield code="a">United States</subfield><subfield code="b">Virgin Islands</subfield><subfield code="c">Saint Croix</subfield><subfield code="d">Saint Croix.</subfield></datafield></record>